@book{latex,
  title     = {LaTeX : A Documentation Preparation System User's Guide and Reference Manual},
  publisher = {Addison-Wesley Professional},
  year      = {1994},
  author    = {Leslie Lamport}
}


// eigene malaka

@article{beltramelli2017pix2code,
  author        = {Tony Beltramelli},
  title         = {pix2code: Generating Code from a Graphical User Interface Screenshot},
  journal       = {arXiv preprint arXiv:1705.07962},
  year          = {2017},
  doi           = {10.48550/arXiv.1705.07962},
  url           = {https://arxiv.org/abs/1705.07962},
  eprint        = {1705.07962},
  archiveprefix = {arXiv}
}

@article{guo2024iwbench,
  title         = {IW-Bench: Evaluating Large Multimodal Models for Converting Image-to-Web},
  author        = {Guo, Hongcheng and Zhang, Wei and Chen, Junhao and Gu, Yaonan and Yang, Jian and Du, Junjia and Hui, Binyuan and Liu, Tianyu and Ma, Jianxin and Zhou, Chang and Li, Zhoujun},
  journal       = {arXiv preprint arXiv:2409.18980},
  year          = {2024},
  doi           = {10.48550/arXiv.2409.18980},
  url           = {https://arxiv.org/abs/2409.18980},
  archiveprefix = {arXiv},
  eprint        = {2409.18980}
}

@inproceedings{huq2025reca11,
  author    = {Huq, Syed Fatiul and Tafreshipour, Mahan and Kalcevich, Kate and Malek, Sam},
  title     = {Automated Generation of Accessibility Test Reports from Recorded User Transcripts},
  booktitle = {Proceedings of the 47th IEEE/ACM International Conference on Software Engineering (ICSE 2025)},
  year      = {2025},
  note      = {to appear},
  url       = {https://seal.ics.uci.edu/publications/2025_ICSE_reca11.pdf},
  urldate   = {2025-05-20}
}

@inproceedings{aljedaani2024chatgpt,
  author    = {Aljedaani, Wajdi and Habib, Abdulrahman and Aljohani, Ahmed and Eler, Marcelo M. and Feng, Yunhe},
  title     = {Does {ChatGPT} Generate Accessible Code? Investigating Accessibility Challenges in {LLM}-Generated Source Code},
  booktitle = {Proceedings of the 21st International Web for All Conference (W4A '24)},
  series    = {W4A '24},
  pages     = {165--176},
  year      = {2024},
  address   = {New York, NY, USA},
  doi       = {10.1145/3677846.3677854},
  url       = {https://doi.org/10.1145/3677846.3677854}
}

@article{si2024design2code,
  title         = {Design2Code: Benchmarking Multimodal Code Generation for Automated Front-End Engineering},
  author        = {Si, Chenglei and Zhang, Yanzhe and Li, Ryan and Yang, Zhengyuan and Liu, Ruibo and Yang, Diyi},
  journal       = {arXiv preprint arXiv:2403.03163v3},
  year          = {2024},
  doi           = {10.48550/arXiv.2403.03163},
  url           = {https://doi.org/10.48550/arXiv.2403.03163},
  archiveprefix = {arXiv},
  eprint        = {2403.03163v3}
}


@article{gui2024webcode2m,
  title         = {WebCode2M: A Real-World Dataset for Code Generation from Webpage Designs},
  author        = {Gui, Yi and Li, Zhen and Wan, Yao and Shi, Yemin and Zhang, Hongyu and Su, Yi and Chen, Bohua and Chen, Dongping and Wu, Siyuan and Zhou, Xing and Jiang, Wenbin and Jin, Hai and Zhang, Xiangliang},
  journal       = {arXiv preprint arXiv:2404.06369},
  year          = {2024},
  doi           = {10.48550/arXiv.2404.06369},
  url           = {https://arxiv.org/abs/2404.06369},
  archiveprefix = {arXiv},
  eprint        = {2404.06369v2}
}

@inproceedings{xiao2024prototype2code,
  author    = {Xiao, Shuhong and Chen, Yunnong and Li, Jiazhi and Chen, Liuqing and Sun, Lingyun and Zhou, Tingting},
  title     = {Prototype2Code: End-to-end Front-end Code Generation from UI Design Prototypes},
  booktitle = {Proceedings of the ASME 2024},
  year      = {2024},
  address   = {Washington, DC, USA},
  doi       = {10.48550/arXiv.2405.04975},
  url       = {https://doi.org/10.48550/arXiv.2405.04975}
}


@article{zhou2024declarui,
  title         = {Bridging Design and Development with Automated Declarative UI Code Generation},
  author        = {Zhou, Ting and Zhao, Yanjie and Hou, Xinyi and Sun, Xiaoyu and Chen, Kai and Wang, Haoyu},
  journal       = {arXiv preprint arXiv:2409.11667},
  year          = {2024},
  doi           = {10.48550/arXiv.2409.11667},
  url           = {https://arxiv.org/abs/2409.11667},
  archiveprefix = {arXiv},
  eprint        = {2409.11667v1}
}

@article{wan2024dcgen,
  title         = {Automatically Generating UI Code from Screenshot: A Divide-and-Conquer-Based Approach},
  author        = {Wan, Yuxuan and Wang, Chaozheng and Dong, Yi and Wang, Wenxuan and Li, Shuqing and Huo, Yintong and Lyu, Michael R.},
  journal       = {arXiv preprint arXiv:2406.16386},
  year          = {2024},
  doi           = {10.48550/arXiv.2406.16386},
  url           = {https://arxiv.org/abs/2406.16386},
  archiveprefix = {arXiv},
  eprint        = {2406.16386v3},
}

@inproceedings{alshayban2020accessibility,
  author    = {Alshayban, Abdulaziz and Ahmed, Iftekhar and Malek, Sam},
  title     = {Accessibility Issues in Android Apps: State of Affairs, Sentiments, and Ways Forward},
  booktitle = {Proceedings of the 42nd International Conference on Software Engineering (ICSE)},
  year      = {2020},
  pages     = {1323--1334},
  publisher = {ACM},
  doi       = {10.1145/3377811.3380392},
  url       = {https://doi.org/10.1145/3377811.3380392}
}

@article{chae2024thinkexecute,
  title         = {Language Models as Compilers: Simulating Pseudocode Execution Improves Algorithmic Reasoning in Language Models},
  author        = {Chae, Hyungjoo and Kim, Yeonghyeon and Kim, Seungone and Ong, Kai Tzu-iunn and Kwak, Beong-woo and Kim, Moohyeon and Kim, Seonghwan and Kwon, Taeyoon and Chung, Jiwan and Yu, Youngjae and Yeo, Jinyoung},
  journal       = {arXiv preprint arXiv:2404.02575},
  year          = {2024},
  doi           = {10.48550/arXiv.2404.02575},
  url           = {https://arxiv.org/abs/2404.02575},
  archiveprefix = {arXiv},
  eprint        = {2404.02575}
}

@article{suh2025accessiblecode,
  title         = {Human or LLM? A Comparative Study on Accessible Code Generation Capability},
  author        = {Suh, Hyunjae and Tafreshipour, Mahan and Malek, Sam and Ahmed, Iftekhar},
  journal       = {arXiv preprint arXiv:2503.15885},
  year          = {2025},
  doi           = {10.48550/arXiv.2503.15885},
  url           = {https://arxiv.org/abs/2503.15885},
  archiveprefix = {arXiv},
  eprint        = {2503.15885}
}

@article{beltramelli2017pix2code,
  title         = {pix2code: Generating Code from a Graphical User Interface Screenshot},
  author        = {Beltramelli, Tony},
  journal       = {arXiv preprint arXiv:1705.07962},
  year          = {2017},
  doi           = {10.48550/arXiv.1705.07962},
  url           = {https://arxiv.org/abs/1705.07962},
  archiveprefix = {arXiv},
  eprint        = {1705.07962}
} 

@article{wan2024dcgen,
  title         = {Automatically Generating UI Code from Screenshot: A Divide-and-Conquer-Based Approach},
  author        = {Wan, Yuxuan and Wang, Chaozheng and Dong, Yi and Wang, Wenxuan and Li, Shuqing and Huo, Yintong and Lyu, Michael R.},
  journal       = {arXiv preprint arXiv:2406.16386},
  year          = {2024},
  doi           = {10.48550/arXiv.2406.16386},
  url           = {https://arxiv.org/abs/2406.16386},
  archiveprefix = {arXiv},
  eprint        = {2406.16386}
}

@standard{wcag22,
  title         = {Web Content Accessibility Guidelines (WCAG) 2.2},
  organization  = {World Wide Web Consortium},
  date          = {2024-12-12},
  number        = {REC-WCAG22-20241212},
  type          = {W3C Recommendation},
  url           = {https://www.w3.org/TR/WCAG22/},
  urldate       = {2025-06-16}
}

@standard{wcagG18,
  title        = {G18: Ensuring that a contrast ratio of at least 4.5:1 exists between text (and images of text) and background behind the text},
  organization = {World Wide Web Consortium},
  type          = {W3C Recommendation},
  url           = {https://www.w3.org/TR/WCAG20-TECHS/G18.html},
  urldate       = {2025-06-29}
}


@article{martins2022webaccessibility,
  title         = {Large-scale Study of Web Accessibility Metrics},
  author        = {Martins, Beatriz and Duarte, Carlos},
  journal       = {Universal Access in the Information Society},
  year          = {2022},
  doi           = {10.1007/s10209-022-00956-x},
  url           = {https://doi.org/10.1007/s10209-022-00956-x},
  publisher     = {Springer}
}

@misc{webaim2025million,
  author       = {WebAIM},
  title        = {The WebAIM Million - An annual accessibility analysis of the top 1,000,000 home pages},
  year         = {2025},
  url          = {https://webaim.org/projects/million/},
  note         = {Accessed: 2025-06-16}
}

@article{xiao2024interaction2code,
  title         = {Interaction2Code: Benchmarking MLLM-based Interactive Webpage Code Generation from Interactive Prototyping},
  author        = {Xiao, Jingyu and Wan, Yuxuan and Huo, Yintong and Wang, Zixin and Xu, Xinyi and Wang, Wenxuan and Xu, Zhiyao and Wang, Yuhang and Lyu, Michael R.},
  journal       = {arXiv preprint arXiv:2411.03292},
  year          = {2024},
  doi           = {10.48550/arXiv.2411.03292},
  url           = {https://arxiv.org/abs/2411.03292},
  archiveprefix = {arXiv},
  eprint        = {2411.03292}
}

